<?xml version="1.0" encoding="UTF-8"?><collection xmlns="http://www.loc.gov/MARC21/slim"><record><leader>00363nam--2200145-i-4500</leader><controlfield tag="001">000024189</controlfield><controlfield tag="002">20161230</controlfield><controlfield tag="005">20161230201035</controlfield><controlfield tag="008">060222s1000------------r-----000-0-eng-d</controlfield><datafield ind1=" " ind2=" " tag="080"><subfield code="a">546.3:669.017</subfield></datafield><datafield ind1=" " ind2=" " tag="100"><subfield code="a">Hatarascu, Ovidiu</subfield></datafield><datafield ind1=" " ind2=" " tag="245"><subfield code="a">Metale in epoca actuala</subfield></datafield><datafield ind1=" " ind2=" " tag="260"><subfield code="a">Bucuresti, Editura Albatros, 1982. 285 P</subfield></datafield><datafield ind1=" " ind2=" " tag="490"><subfield code="a">Sinteze Lyceum</subfield></datafield><datafield ind1=" " ind2=" " tag="852"><subfield code="a">70719</subfield></datafield></record></collection>